@misc{ZsolnaiRendering,
  Author = {K'{a}roly Zsolnai-Feh'{e}r},
  Year = {2018},
  Note = {https://users.cg.tuwien.ac.at/zsolnai/gfx/rendering-course/},
  Title = {TU Wien Rendering Course}
}