@misc{nasa_climate_website,
  title = {{NASA's Climate Change: Vital Signs of the Planet - Global Temperature}},
  howpublished = {\url{https://climate.nasa.gov/vital-signs/global-temperature/?intent=121}},
  note = {Accessed: March 25, 2024},
  year = {year},
}

@misc{europarl_climate_website,
  title = {{Cambiamento climatico: gas a effetto serra che causano il riscaldamento globale}},
  author = {{European Parliament}},
  howpublished = {\url{https://www.europarl.europa.eu/topics/it/article/20230316STO77629/cambiamento-climatico-gas-a-effetto-serra-che-causano-il-riscaldamento-globale}},
  note = {Accessed: March 25, 2024},
  year = {year},
}