@online{deuterated-water,
    title = {1.1 The Density of Deuterated Water},
    author = {},
    organization = {Purdue University Chemistry Education},
    url = {https://chemed.chem.purdue.edu/demos/main_pages/1.1.html},
}