@book{cdc,
  author    = "Michael Loceff",
  title     = "A Course in Quantum Computing (for the Community College)",
  volume    = "1",
  year      = "2015"
}